{"state":0,"message":"查询成功","total":4532,"pageNum":46,"pageNo":1,"pageSize":100,"Tflag":0,"result":[{"name":"3D","code":"2026027","detailsLink":"/c/2026/01/27/643390.shtml","videoLink":"","date":"2026-01-27(二)","week":"二","red":"1,2,6","blue":"","blue2":"","sales":"106292316","poolmoney":"","content":"","addmoney":"","addmoney2":"","msg":"","z2add":"","m2add":"","prizegrades":[{"type":1,"typenum":"","typemoney":""},{"type":2,"typenum":"","typemoney":""},{"type":3,"typenum":"","typemoney":""},{"type":4,"typenum":"","typemoney":""},{"type":5,"typenum":"","typemoney":""},{"type":6,"typenum":"","typemoney":""},{"type":7,"typenum":"","typemoney":""}]},{"name":"3D","code":"2026026","detailsLink":"/c/2026/01/26/643283.shtml","videoLink":"","date":"2026-01-26(一)","week":"一","red":"0,9,9","blue":"","blue2":"","sales":"111992356","poolmoney":"","content":"","addmoney":"","addmoney2":"","msg":"","z2add":"","m2add":"","prizegrades":[{"type":1,"typenum":"","typemoney":""},{"type":2,"typenum":"","typemoney":""},{"type":3,"typenum":"","typemoney":""},{"type":4,"typenum":"","typemoney":""},{"type":5,"typenum":"","typemoney":""},{"type":6,"typenum":"","typemoney":""},{"type":7,"typenum":"","typemoney":""}]},{"name":"3D","code":"2026025","detailsLink":"/c/2026/01/25/643076.shtml","videoLink":"","date":"2026-01-25(日)","week":"日","red":"0,2,9","blue":"","blue2":"","sales":"109882668","poolmoney":"","content":"","addmoney":"","addmoney2":"","msg":"","z2add":"","m2add":"","prizegrades":[{"type":1,"typenum":"","typemoney":""},{"type":2,"typenum":"","typemoney":""},{"type":3,"typenum":"","typemoney":""},{"type":4,"typenum":"","typemoney":""},{"type":5,"typenum":"","typemoney":""},{"type":6,"typenum":"","typemoney":""},{"type":7,"typenum":"","typemoney":""}]},{"name":"3D","code":"2026024","detailsLink":"/c/2026/01/24/643070.shtml","videoLink":"/c/2026/01/24/643072.shtml","date":"2026-01-24(六)","week":"六","red":"9,1,1","blue":"","blue2":"","sales":"112044432","poolmoney":"","content":"","addmoney":"","addmoney2":"","msg":"","z2add":"","m2add":"","prizegrades":[{"type":1,"typenum":"","typemoney":""},{"type":2,"typenum":"","typemoney":""},{"type":3,"typenum":"","typemoney":""},{"type":4,"typenum":"","typemoney":""},{"type":5,"typenum":"","typemoney":""},{"type":6,"typenum":"","typemoney":""},{"type":7,"typenum":"","typemoney":""}]},{"name":"3D","code":"2026023","detailsLink":"/c/2026/01/23/643064.shtml","videoLink":"","date":"2026-01-23(五)","week":"五","red":"7,8,4","blue":"","blue2":"","sales":"114238836","poolmoney":"","content":"","addmoney":"","addmoney2":"","msg":"","z2add":"","m2add":"","prizegrades":[{"type":1,"typenum":"","typemoney":""},{"type":2,"typenum":"","typemoney":""},{"type":3,"typenum":"","typemoney":""},{"type":4,"typenum":"","typemoney":""},{"type":5,"typenum":"","typemoney":""},{"type":6,"typenum":"","typemoney":""},{"type":7,"typenum":"","typemoney":""}]},{"name":"3D","code":"2026022","detailsLink":"/c/2026/01/22/642857.shtml","videoLink":"","date":"2026-01-22(四)","week":"四","red":"6,7,8","blue":"","blue2":"","sales":"111077142","poolmoney":"","content":"","addmoney":"","addmoney2":"","msg":"","z2add":"","m2add":"","prizegrades":[{"type":1,"typenum":"","typemoney":""},{"type":2,"typenum":"","typemoney":""},{"type":3,"typenum":"","typemoney":""},{"type":4,"typenum":"","typemoney":""},{"type":5,"typenum":"","typemoney":""},{"type":6,"typenum":"","typemoney":""},{"type":7,"typenum":"","typemoney":""}]},{"name":"3D","code":"2026021","detailsLink":"/c/2026/01/21/642650.shtml","videoLink":"","date":"2026-01-21(三)","week":"三","red":"5,5,9","blue":"","blue2":"","sales":"111072312","poolmoney":"","content":"","addmoney":"","addmoney2":"","msg":"","z2add":"","m2add":"","prizegrades":[{"type":1,"typenum":"","typemoney":""},{"type":2,"typenum":"","typemoney":""},{"type":3,"typenum":"","typemoney":""},{"type":4,"typenum":"","typemoney":""},{"type":5,"typenum":"","typemoney":""},{"type":6,"typenum":"","typemoney":""},{"type":7,"typenum":"","typemoney":""}]},{"name":"3D","code":"2026020","detailsLink":"/c/2026/01/20/642443.shtml","videoLink":"","date":"2026-01-20(二)","week":"二","red":"6,7,6","blue":"","blue2":"","sales":"108889244","poolmoney":"","content":"","addmoney":"","addmoney2":"","msg":"","z2add":"","m2add":"","prizegrades":[{"type":1,"typenum":"","typemoney":""},{"type":2,"typenum":"","typemoney":""},{"type":3,"typenum":"","typemoney":""},{"type":4,"typenum":"","typemoney":""},{"type":5,"typenum":"","typemoney":""},{"type":6,"typenum":"","typemoney":""},{"type":7,"typenum":"","typemoney":""}]},{"name":"3D","code":"2026019","detailsLink":"/c/2026/01/19/642336.shtml","videoLink":"","date":"2026-01-19(一)","week":"一","red":"2,2,3","blue":"","blue2":"","sales":"109229562","poolmoney":"","content":"","addmoney":"","addmoney2":"","msg":"","z2add":"","m2add":"","prizegrades":[{"type":1,"typenum":"","typemoney":""},{"type":2,"typenum":"","typemoney":""},{"type":3,"typenum":"","typemoney":""},{"type":4,"typenum":"","typemoney":""},{"type":5,"typenum":"","typemoney":""},{"type":6,"typenum":"","typemoney":""},{"type":7,"typenum":"","typemoney":""}]},{"name":"3D","code":"2026018","detailsLink":"/c/2026/01/18/642229.shtml","videoLink":"","date":"2026-01-18(日)","week":"日","red":"4,9,4","blue":"","blue2":"","sales":"113590602","poolmoney":"","content":"","addmoney":"","addmoney2":"","msg":"","z2add":"","m2add":"","prizegrades":[{"type":1,"typenum":"","typemoney":""},{"type":2,"typenum":"","typemoney":""},{"type":3,"typenum":"","typemoney":""},{"type":4,"typenum":"","typemoney":""},{"type":5,"typenum":"","typemoney":""},{"type":6,"typenum":"","typemoney":""},{"type":7,"typenum":"","typemoney":""}]},{"name":"3D","code":"2026017","detailsLink":"/c/2026/01/17/642223.shtml","videoLink":"/c/2026/01/17/642225.shtml","date":"2026-01-17(六)","week":"六","red":"9,4,5","blue":"","blue2":"","sales":"112364282","poolmoney":"","content":"","addmoney":"","addmoney2":"","msg":"","z2add":"","m2add":"","prizegrades":[{"type":1,"typenum":"","typemoney":""},{"type":2,"typenum":"","typemoney":""},{"type":3,"typenum":"","typemoney":""},{"type":4,"typenum":"","typemoney":""},{"type":5,"typenum":"","typemoney":""},{"type":6,"typenum":"","typemoney":""},{"type":7,"typenum":"","typemoney":""}]},{"name":"3D","code":"2026016","detailsLink":"/c/2026/01/16/642217.shtml","videoLink":"","date":"2026-01-16(五)","week":"五","red":"5,8,2","blue":"","blue2":"","sales":"116276852","poolmoney":"","content":"","addmoney":"","addmoney2":"","msg":"","z2add":"","m2add":"","prizegrades":[{"type":1,"typenum":"","typemoney":""},{"type":2,"typenum":"","typemoney":""},{"type":3,"typenum":"","typemoney":""},{"type":4,"typenum":"","typemoney":""},{"type":5,"typenum":"","typemoney":""},{"type":6,"typenum":"","typemoney":""},{"type":7,"typenum":"","typemoney":""}]},{"name":"3D","code":"2026015","detailsLink":"/c/2026/01/15/642010.shtml","videoLink":"","date":"2026-01-15(四)","week":"四","red":"5,3,2","blue":"","blue2":"","sales":"108554608","poolmoney":"","content":"","addmoney":"","addmoney2":"","msg":"","z2add":"","m2add":"","prizegrades":[{"type":1,"typenum":"","typemoney":""},{"type":2,"typenum":"","typemoney":""},{"type":3,"typenum":"","typemoney":""},{"type":4,"typenum":"","typemoney":""},{"type":5,"typenum":"","typemoney":""},{"type":6,"typenum":"","typemoney":""},{"type":7,"typenum":"","typemoney":""}]},{"name":"3D","code":"2026014","detailsLink":"/c/2026/01/14/641503.shtml","videoLink":"","date":"2026-01-14(三)","week":"三","red":"0,5,0","blue":"","blue2":"","sales":"114188204","poolmoney":"","content":"","addmoney":"","addmoney2":"","msg":"","z2add":"","m2add":"","prizegrades":[{"type":1,"typenum":"","typemoney":""},{"type":2,"typenum":"","typemoney":""},{"type":3,"typenum":"","typemoney":""},{"type":4,"typenum":"","typemoney":""},{"type":5,"typenum":"","typemoney":""},{"type":6,"typenum":"","typemoney":""},{"type":7,"typenum":"","typemoney":""}]},{"name":"3D","code":"2026013","detailsLink":"/c/2026/01/13/641296.shtml","videoLink":"","date":"2026-01-13(二)","week":"二","red":"5,1,3","blue":"","blue2":"","sales":"111298388","poolmoney":"","content":"","addmoney":"","addmoney2":"","msg":"","z2add":"","m2add":"","prizegrades":[{"type":1,"typenum":"","typemoney":""},{"type":2,"typenum":"","typemoney":""},{"type":3,"typenum":"","typemoney":""},{"type":4,"typenum":"","typemoney":""},{"type":5,"typenum":"","typemoney":""},{"type":6,"typenum":"","typemoney":""},{"type":7,"typenum":"","typemoney":""}]},{"name":"3D","code":"2026012","detailsLink":"/c/2026/01/12/641189.shtml","videoLink":"","date":"2026-01-12(一)","week":"一","red":"2,4,1","blue":"","blue2":"","sales":"110984784","poolmoney":"","content":"","addmoney":"","addmoney2":"","msg":"","z2add":"","m2add":"","prizegrades":[{"type":1,"typenum":"","typemoney":""},{"type":2,"typenum":"","typemoney":""},{"type":3,"typenum":"","typemoney":""},{"type":4,"typenum":"","typemoney":""},{"type":5,"typenum":"","typemoney":""},{"type":6,"typenum":"","typemoney":""},{"type":7,"typenum":"","typemoney":""}]},{"name":"3D","code":"2026011","detailsLink":"/c/2026/01/11/640982.shtml","videoLink":"","date":"2026-01-11(日)","week":"日","red":"6,4,7","blue":"","blue2":"","sales":"107920334","poolmoney":"","content":"","addmoney":"","addmoney2":"","msg":"","z2add":"","m2add":"","prizegrades":[{"type":1,"typenum":"","typemoney":""},{"type":2,"typenum":"","typemoney":""},{"type":3,"typenum":"","typemoney":""},{"type":4,"typenum":"","typemoney":""},{"type":5,"typenum":"","typemoney":""},{"type":6,"typenum":"","typemoney":""},{"type":7,"typenum":"","typemoney":""}]},{"name":"3D","code":"2026010","detailsLink":"/c/2026/01/10/640976.shtml","videoLink":"/c/2026/01/10/640977.shtml","date":"2026-01-10(六)","week":"六","red":"6,6,7","blue":"","blue2":"","sales":"108102888","poolmoney":"","content":"","addmoney":"","addmoney2":"","msg":"","z2add":"","m2add":"","prizegrades":[{"type":1,"typenum":"","typemoney":""},{"type":2,"typenum":"","typemoney":""},{"type":3,"typenum":"","typemoney":""},{"type":4,"typenum":"","typemoney":""},{"type":5,"typenum":"","typemoney":""},{"type":6,"typenum":"","typemoney":""},{"type":7,"typenum":"","typemoney":""}]},{"name":"3D","code":"2026009","detailsLink":"/c/2026/01/09/640970.shtml","videoLink":"","date":"2026-01-09(五)","week":"五","red":"2,6,5","blue":"","blue2":"","sales":"109910338","poolmoney":"","content":"","addmoney":"","addmoney2":"","msg":"","z2add":"","m2add":"","prizegrades":[{"type":1,"typenum":"","typemoney":""},{"type":2,"typenum":"","typemoney":""},{"type":3,"typenum":"","typemoney":""},{"type":4,"typenum":"","typemoney":""},{"type":5,"typenum":"","typemoney":""},{"type":6,"typenum":"","typemoney":""},{"type":7,"typenum":"","typemoney":""}]},{"name":"3D","code":"2026008","detailsLink":"/c/2026/01/08/640763.shtml","videoLink":"","date":"2026-01-08(四)","week":"四","red":"2,5,2","blue":"","blue2":"","sales":"107103118","poolmoney":"","content":"","addmoney":"","addmoney2":"","msg":"","z2add":"","m2add":"","prizegrades":[{"type":1,"typenum":"","typemoney":""},{"type":2,"typenum":"","typemoney":""},{"type":3,"typenum":"","typemoney":""},{"type":4,"typenum":"","typemoney":""},{"type":5,"typenum":"","typemoney":""},{"type":6,"typenum":"","typemoney":""},{"type":7,"typenum":"","typemoney":""}]},{"name":"3D","code":"2026007","detailsLink":"/c/2026/01/07/640656.shtml","videoLink":"","date":"2026-01-07(三)","week":"三","red":"3,5,3","blue":"","blue2":"","sales":"110234414","poolmoney":"","content":"","addmoney":"","addmoney2":"","msg":"","z2add":"","m2add":"","prizegrades":[{"type":1,"typenum":"","typemoney":""},{"type":2,"typenum":"","typemoney":""},{"type":3,"typenum":"","typemoney":""},{"type":4,"typenum":"","typemoney":""},{"type":5,"typenum":"","typemoney":""},{"type":6,"typenum":"","typemoney":""},{"type":7,"typenum":"","typemoney":""}]},{"name":"3D","code":"2026006","detailsLink":"/c/2026/01/06/640649.shtml","videoLink":"","date":"2026-01-06(二)","week":"二","red":"2,4,4","blue":"","blue2":"","sales":"113228168","poolmoney":"","content":"","addmoney":"","addmoney2":"","msg":"","z2add":"","m2add":"","prizegrades":[{"type":1,"typenum":"","typemoney":""},{"type":2,"typenum":"","typemoney":""},{"type":3,"typenum":"","typemoney":""},{"type":4,"typenum":"","typemoney":""},{"type":5,"typenum":"","typemoney":""},{"type":6,"typenum":"","typemoney":""},{"type":7,"typenum":"","typemoney":""}]},{"name":"3D","code":"2026005","detailsLink":"/c/2026/01/05/640542.shtml","videoLink":"","date":"2026-01-05(一)","week":"一","red":"4,7,6","blue":"","blue2":"","sales":"111603518","poolmoney":"","content":"","addmoney":"","addmoney2":"","msg":"","z2add":"","m2add":"","prizegrades":[{"type":1,"typenum":"","typemoney":""},{"type":2,"typenum":"","typemoney":""},{"type":3,"typenum":"","typemoney":""},{"type":4,"typenum":"","typemoney":""},{"type":5,"typenum":"","typemoney":""},{"type":6,"typenum":"","typemoney":""},{"type":7,"typenum":"","typemoney":""}]},{"name":"3D","code":"2026004","detailsLink":"/c/2026/01/04/640435.shtml","videoLink":"","date":"2026-01-04(日)","week":"日","red":"0,1,9","blue":"","blue2":"","sales":"111567860","poolmoney":"","content":"","addmoney":"","addmoney2":"","msg":"","z2add":"","m2add":"","prizegrades":[{"type":1,"typenum":"","typemoney":""},{"type":2,"typenum":"","typemoney":""},{"type":3,"typenum":"","typemoney":""},{"type":4,"typenum":"","typemoney":""},{"type":5,"typenum":"","typemoney":""},{"type":6,"typenum":"","typemoney":""},{"type":7,"typenum":"","typemoney":""}]},{"name":"3D","code":"2026003","detailsLink":"/c/2026/01/03/640329.shtml","videoLink":"/c/2026/01/03/640330.shtml","date":"2026-01-03(六)","week":"六","red":"6,0,1","blue":"","blue2":"","sales":"112483848","poolmoney":"","content":"","addmoney":"","addmoney2":"","msg":"","z2add":"","m2add":"","prizegrades":[{"type":1,"typenum":"","typemoney":""},{"type":2,"typenum":"","typemoney":""},{"type":3,"typenum":"","typemoney":""},{"type":4,"typenum":"","typemoney":""},{"type":5,"typenum":"","typemoney":""},{"type":6,"typenum":"","typemoney":""},{"type":7,"typenum":"","typemoney":""}]},{"name":"3D","code":"2026002","detailsLink":"/c/2026/01/02/640323.shtml","videoLink":"","date":"2026-01-02(五)","week":"五","red":"5,2,0","blue":"","blue2":"","sales":"113190952","poolmoney":"","content":"","addmoney":"","addmoney2":"","msg":"","z2add":"","m2add":"","prizegrades":[{"type":1,"typenum":"","typemoney":""},{"type":2,"typenum":"","typemoney":""},{"type":3,"typenum":"","typemoney":""},{"type":4,"typenum":"","typemoney":""},{"type":5,"typenum":"","typemoney":""},{"type":6,"typenum":"","typemoney":""},{"type":7,"typenum":"","typemoney":""}]},{"name":"3D","code":"2026001","detailsLink":"/c/2026/01/01/640316.shtml","videoLink":"","date":"2026-01-01(四)","week":"四","red":"2,9,8","blue":"","blue2":"","sales":"107651412","poolmoney":"","content":"","addmoney":"","addmoney2":"","msg":"","z2add":"","m2add":"","prizegrades":[{"type":1,"typenum":"","typemoney":""},{"type":2,"typenum":"","typemoney":""},{"type":3,"typenum":"","typemoney":""},{"type":4,"typenum":"","typemoney":""},{"type":5,"typenum":"","typemoney":""},{"type":6,"typenum":"","typemoney":""},{"type":7,"typenum":"","typemoney":""}]},{"name":"3D","code":"2025351","detailsLink":"/c/2025/12/31/640309.shtml","videoLink":"","date":"2025-12-31(三)","week":"三","red":"4,5,2","blue":"","blue2":"","sales":"115966414","poolmoney":"","content":"","addmoney":"","addmoney2":"","msg":"","z2add":"","m2add":"","prizegrades":[{"type":1,"typenum":"","typemoney":""},{"type":2,"typenum":"","typemoney":""},{"type":3,"typenum":"","typemoney":""},{"type":4,"typenum":"","typemoney":""},{"type":5,"typenum":"","typemoney":""},{"type":6,"typenum":"","typemoney":""},{"type":7,"typenum":"","typemoney":""}]},{"name":"3D","code":"2025350","detailsLink":"/c/2025/12/30/640202.shtml","videoLink":"","date":"2025-12-30(二)","week":"二","red":"5,8,0","blue":"","blue2":"","sales":"115824342","poolmoney":"","content":"","addmoney":"","addmoney2":"","msg":"","z2add":"","m2add":"","prizegrades":[{"type":1,"typenum":"","typemoney":""},{"type":2,"typenum":"","typemoney":""},{"type":3,"typenum":"","typemoney":""},{"type":4,"typenum":"","typemoney":""},{"type":5,"typenum":"","typemoney":""},{"type":6,"typenum":"","typemoney":""},{"type":7,"typenum":"","typemoney":""}]},{"name":"3D","code":"2025349","detailsLink":"/c/2025/12/29/640095.shtml","videoLink":"","date":"2025-12-29(一)","week":"一","red":"7,4,3","blue":"","blue2":"","sales":"111568702","poolmoney":"","content":"","addmoney":"","addmoney2":"","msg":"","z2add":"","m2add":"","prizegrades":[{"type":1,"typenum":"","typemoney":""},{"type":2,"typenum":"","typemoney":""},{"type":3,"typenum":"","typemoney":""},{"type":4,"typenum":"","typemoney":""},{"type":5,"typenum":"","typemoney":""},{"type":6,"typenum":"","typemoney":""},{"type":7,"typenum":"","typemoney":""}]},{"name":"3D","code":"2025348","detailsLink":"/c/2025/12/28/639988.shtml","videoLink":"","date":"2025-12-28(日)","week":"日","red":"2,7,8","blue":"","blue2":"","sales":"107546730","poolmoney":"","content":"","addmoney":"","addmoney2":"","msg":"","z2add":"","m2add":"","prizegrades":[{"type":1,"typenum":"","typemoney":""},{"type":2,"typenum":"","typemoney":""},{"type":3,"typenum":"","typemoney":""},{"type":4,"typenum":"","typemoney":""},{"type":5,"typenum":"","typemoney":""},{"type":6,"typenum":"","typemoney":""},{"type":7,"typenum":"","typemoney":""}]},{"name":"3D","code":"2025347","detailsLink":"/c/2025/12/27/639982.shtml","videoLink":"/c/2025/12/27/639983.shtml","date":"2025-12-27(六)","week":"六","red":"1,9,2","blue":"","blue2":"","sales":"107566776","poolmoney":"","content":"","addmoney":"","addmoney2":"","msg":"","z2add":"","m2add":"","prizegrades":[{"type":1,"typenum":"","typemoney":""},{"type":2,"typenum":"","typemoney":""},{"type":3,"typenum":"","typemoney":""},{"type":4,"typenum":"","typemoney":""},{"type":5,"typenum":"","typemoney":""},{"type":6,"typenum":"","typemoney":""},{"type":7,"typenum":"","typemoney":""}]},{"name":"3D","code":"2025346","detailsLink":"/c/2025/12/26/639976.shtml","videoLink":"","date":"2025-12-26(五)","week":"五","red":"8,9,7","blue":"","blue2":"","sales":"109841772","poolmoney":"","content":"","addmoney":"","addmoney2":"","msg":"","z2add":"","m2add":"","prizegrades":[{"type":1,"typenum":"","typemoney":""},{"type":2,"typenum":"","typemoney":""},{"type":3,"typenum":"","typemoney":""},{"type":4,"typenum":"","typemoney":""},{"type":5,"typenum":"","typemoney":""},{"type":6,"typenum":"","typemoney":""},{"type":7,"typenum":"","typemoney":""}]},{"name":"3D","code":"2025345","detailsLink":"/c/2025/12/25/639869.shtml","videoLink":"","date":"2025-12-25(四)","week":"四","red":"6,3,0","blue":"","blue2":"","sales":"108729992","poolmoney":"","content":"","addmoney":"","addmoney2":"","msg":"","z2add":"","m2add":"","prizegrades":[{"type":1,"typenum":"","typemoney":""},{"type":2,"typenum":"","typemoney":""},{"type":3,"typenum":"","typemoney":""},{"type":4,"typenum":"","typemoney":""},{"type":5,"typenum":"","typemoney":""},{"type":6,"typenum":"","typemoney":""},{"type":7,"typenum":"","typemoney":""}]},{"name":"3D","code":"2025344","detailsLink":"/c/2025/12/24/639762.shtml","videoLink":"","date":"2025-12-24(三)","week":"三","red":"6,2,2","blue":"","blue2":"","sales":"110433762","poolmoney":"","content":"","addmoney":"","addmoney2":"","msg":"","z2add":"","m2add":"","prizegrades":[{"type":1,"typenum":"","typemoney":""},{"type":2,"typenum":"","typemoney":""},{"type":3,"typenum":"","typemoney":""},{"type":4,"typenum":"","typemoney":""},{"type":5,"typenum":"","typemoney":""},{"type":6,"typenum":"","typemoney":""},{"type":7,"typenum":"","typemoney":""}]},{"name":"3D","code":"2025343","detailsLink":"/c/2025/12/23/639655.shtml","videoLink":"","date":"2025-12-23(二)","week":"二","red":"6,4,5","blue":"","blue2":"","sales":"110587602","poolmoney":"","content":"","addmoney":"","addmoney2":"","msg":"","z2add":"","m2add":"","prizegrades":[{"type":1,"typenum":"","typemoney":""},{"type":2,"typenum":"","typemoney":""},{"type":3,"typenum":"","typemoney":""},{"type":4,"typenum":"","typemoney":""},{"type":5,"typenum":"","typemoney":""},{"type":6,"typenum":"","typemoney":""},{"type":7,"typenum":"","typemoney":""}]},{"name":"3D","code":"2025342","detailsLink":"/c/2025/12/22/639548.shtml","videoLink":"","date":"2025-12-22(一)","week":"一","red":"6,8,1","blue":"","blue2":"","sales":"106535154","poolmoney":"","content":"","addmoney":"","addmoney2":"","msg":"","z2add":"","m2add":"","prizegrades":[{"type":1,"typenum":"","typemoney":""},{"type":2,"typenum":"","typemoney":""},{"type":3,"typenum":"","typemoney":""},{"type":4,"typenum":"","typemoney":""},{"type":5,"typenum":"","typemoney":""},{"type":6,"typenum":"","typemoney":""},{"type":7,"typenum":"","typemoney":""}]},{"name":"3D","code":"2025341","detailsLink":"/c/2025/12/21/639441.shtml","videoLink":"","date":"2025-12-21(日)","week":"日","red":"9,9,6","blue":"","blue2":"","sales":"104432700","poolmoney":"","content":"","addmoney":"","addmoney2":"","msg":"","z2add":"","m2add":"","prizegrades":[{"type":1,"typenum":"","typemoney":""},{"type":2,"typenum":"","typemoney":""},{"type":3,"typenum":"","typemoney":""},{"type":4,"typenum":"","typemoney":""},{"type":5,"typenum":"","typemoney":""},{"type":6,"typenum":"","typemoney":""},{"type":7,"typenum":"","typemoney":""}]},{"name":"3D","code":"2025340","detailsLink":"/c/2025/12/20/639435.shtml","videoLink":"/c/2025/12/20/639436.shtml","date":"2025-12-20(六)","week":"六","red":"1,3,0","blue":"","blue2":"","sales":"101669336","poolmoney":"","content":"","addmoney":"","addmoney2":"","msg":"","z2add":"","m2add":"","prizegrades":[{"type":1,"typenum":"","typemoney":""},{"type":2,"typenum":"","typemoney":""},{"type":3,"typenum":"","typemoney":""},{"type":4,"typenum":"","typemoney":""},{"type":5,"typenum":"","typemoney":""},{"type":6,"typenum":"","typemoney":""},{"type":7,"typenum":"","typemoney":""}]},{"name":"3D","code":"2025339","detailsLink":"/c/2025/12/19/639429.shtml","videoLink":"","date":"2025-12-19(五)","week":"五","red":"6,7,6","blue":"","blue2":"","sales":"110633798","poolmoney":"","content":"","addmoney":"","addmoney2":"","msg":"","z2add":"","m2add":"","prizegrades":[{"type":1,"typenum":"","typemoney":""},{"type":2,"typenum":"","typemoney":""},{"type":3,"typenum":"","typemoney":""},{"type":4,"typenum":"","typemoney":""},{"type":5,"typenum":"","typemoney":""},{"type":6,"typenum":"","typemoney":""},{"type":7,"typenum":"","typemoney":""}]},{"name":"3D","code":"2025338","detailsLink":"/c/2025/12/18/639322.shtml","videoLink":"","date":"2025-12-18(四)","week":"四","red":"6,8,9","blue":"","blue2":"","sales":"107680018","poolmoney":"","content":"","addmoney":"","addmoney2":"","msg":"","z2add":"","m2add":"","prizegrades":[{"type":1,"typenum":"","typemoney":""},{"type":2,"typenum":"","typemoney":""},{"type":3,"typenum":"","typemoney":""},{"type":4,"typenum":"","typemoney":""},{"type":5,"typenum":"","typemoney":""},{"type":6,"typenum":"","typemoney":""},{"type":7,"typenum":"","typemoney":""}]},{"name":"3D","code":"2025337","detailsLink":"/c/2025/12/17/639215.shtml","videoLink":"","date":"2025-12-17(三)","week":"三","red":"8,7,6","blue":"","blue2":"","sales":"107338210","poolmoney":"","content":"","addmoney":"","addmoney2":"","msg":"","z2add":"","m2add":"","prizegrades":[{"type":1,"typenum":"","typemoney":""},{"type":2,"typenum":"","typemoney":""},{"type":3,"typenum":"","typemoney":""},{"type":4,"typenum":"","typemoney":""},{"type":5,"typenum":"","typemoney":""},{"type":6,"typenum":"","typemoney":""},{"type":7,"typenum":"","typemoney":""}]},{"name":"3D","code":"2025336","detailsLink":"/c/2025/12/16/639108.shtml","videoLink":"","date":"2025-12-16(二)","week":"二","red":"6,4,1","blue":"","blue2":"","sales":"106499844","poolmoney":"","content":"","addmoney":"","addmoney2":"","msg":"","z2add":"","m2add":"","prizegrades":[{"type":1,"typenum":"","typemoney":""},{"type":2,"typenum":"","typemoney":""},{"type":3,"typenum":"","typemoney":""},{"type":4,"typenum":"","typemoney":""},{"type":5,"typenum":"","typemoney":""},{"type":6,"typenum":"","typemoney":""},{"type":7,"typenum":"","typemoney":""}]},{"name":"3D","code":"2025335","detailsLink":"/c/2025/12/15/639001.shtml","videoLink":"","date":"2025-12-15(一)","week":"一","red":"0,5,1","blue":"","blue2":"","sales":"104788620","poolmoney":"","content":"","addmoney":"","addmoney2":"","msg":"","z2add":"","m2add":"","prizegrades":[{"type":1,"typenum":"","typemoney":""},{"type":2,"typenum":"","typemoney":""},{"type":3,"typenum":"","typemoney":""},{"type":4,"typenum":"","typemoney":""},{"type":5,"typenum":"","typemoney":""},{"type":6,"typenum":"","typemoney":""},{"type":7,"typenum":"","typemoney":""}]},{"name":"3D","code":"2025334","detailsLink":"/c/2025/12/14/638898.shtml","videoLink":"","date":"2025-12-14(日)","week":"日","red":"1,9,8","blue":"","blue2":"","sales":"103639594","poolmoney":"","content":"","addmoney":"","addmoney2":"","msg":"","z2add":"","m2add":"","prizegrades":[{"type":1,"typenum":"","typemoney":""},{"type":2,"typenum":"","typemoney":""},{"type":3,"typenum":"","typemoney":""},{"type":4,"typenum":"","typemoney":""},{"type":5,"typenum":"","typemoney":""},{"type":6,"typenum":"","typemoney":""},{"type":7,"typenum":"","typemoney":""}]},{"name":"3D","code":"2025333","detailsLink":"/c/2025/12/13/638888.shtml","videoLink":"/c/2025/12/13/638891.shtml","date":"2025-12-13(六)","week":"六","red":"2,7,3","blue":"","blue2":"","sales":"98150324","poolmoney":"","content":"","addmoney":"","addmoney2":"","msg":"","z2add":"","m2add":"","prizegrades":[{"type":1,"typenum":"","typemoney":""},{"type":2,"typenum":"","typemoney":""},{"type":3,"typenum":"","typemoney":""},{"type":4,"typenum":"","typemoney":""},{"type":5,"typenum":"","typemoney":""},{"type":6,"typenum":"","typemoney":""},{"type":7,"typenum":"","typemoney":""}]},{"name":"3D","code":"2025332","detailsLink":"/c/2025/12/12/638882.shtml","videoLink":"","date":"2025-12-12(五)","week":"五","red":"8,8,5","blue":"","blue2":"","sales":"101673278","poolmoney":"","content":"","addmoney":"","addmoney2":"","msg":"","z2add":"","m2add":"","prizegrades":[{"type":1,"typenum":"","typemoney":""},{"type":2,"typenum":"","typemoney":""},{"type":3,"typenum":"","typemoney":""},{"type":4,"typenum":"","typemoney":""},{"type":5,"typenum":"","typemoney":""},{"type":6,"typenum":"","typemoney":""},{"type":7,"typenum":"","typemoney":""}]},{"name":"3D","code":"2025331","detailsLink":"/c/2025/12/11/638775.shtml","videoLink":"","date":"2025-12-11(四)","week":"四","red":"0,5,0","blue":"","blue2":"","sales":"105275398","poolmoney":"","content":"","addmoney":"","addmoney2":"","msg":"","z2add":"","m2add":"","prizegrades":[{"type":1,"typenum":"","typemoney":""},{"type":2,"typenum":"","typemoney":""},{"type":3,"typenum":"","typemoney":""},{"type":4,"typenum":"","typemoney":""},{"type":5,"typenum":"","typemoney":""},{"type":6,"typenum":"","typemoney":""},{"type":7,"typenum":"","typemoney":""}]},{"name":"3D","code":"2025330","detailsLink":"/c/2025/12/10/638668.shtml","videoLink":"","date":"2025-12-10(三)","week":"三","red":"0,6,2","blue":"","blue2":"","sales":"107764466","poolmoney":"","content":"","addmoney":"","addmoney2":"","msg":"","z2add":"","m2add":"","prizegrades":[{"type":1,"typenum":"","typemoney":""},{"type":2,"typenum":"","typemoney":""},{"type":3,"typenum":"","typemoney":""},{"type":4,"typenum":"","typemoney":""},{"type":5,"typenum":"","typemoney":""},{"type":6,"typenum":"","typemoney":""},{"type":7,"typenum":"","typemoney":""}]},{"name":"3D","code":"2025329","detailsLink":"/c/2025/12/09/638561.shtml","videoLink":"","date":"2025-12-09(二)","week":"二","red":"5,6,4","blue":"","blue2":"","sales":"103467084","poolmoney":"","content":"","addmoney":"","addmoney2":"","msg":"","z2add":"","m2add":"","prizegrades":[{"type":1,"typenum":"","typemoney":""},{"type":2,"typenum":"","typemoney":""},{"type":3,"typenum":"","typemoney":""},{"type":4,"typenum":"","typemoney":""},{"type":5,"typenum":"","typemoney":""},{"type":6,"typenum":"","typemoney":""},{"type":7,"typenum":"","typemoney":""}]},{"name":"3D","code":"2025328","detailsLink":"/c/2025/12/08/638454.shtml","videoLink":"","date":"2025-12-08(一)","week":"一","red":"0,4,0","blue":"","blue2":"","sales":"107092066","poolmoney":"","content":"","addmoney":"","addmoney2":"","msg":"","z2add":"","m2add":"","prizegrades":[{"type":1,"typenum":"","typemoney":""},{"type":2,"typenum":"","typemoney":""},{"type":3,"typenum":"","typemoney":""},{"type":4,"typenum":"","typemoney":""},{"type":5,"typenum":"","typemoney":""},{"type":6,"typenum":"","typemoney":""},{"type":7,"typenum":"","typemoney":""}]},{"name":"3D","code":"2025327","detailsLink":"/c/2025/12/07/638347.shtml","videoLink":"","date":"2025-12-07(日)","week":"日","red":"7,8,9","blue":"","blue2":"","sales":"105317892","poolmoney":"","content":"","addmoney":"","addmoney2":"","msg":"","z2add":"","m2add":"","prizegrades":[{"type":1,"typenum":"","typemoney":""},{"type":2,"typenum":"","typemoney":""},{"type":3,"typenum":"","typemoney":""},{"type":4,"typenum":"","typemoney":""},{"type":5,"typenum":"","typemoney":""},{"type":6,"typenum":"","typemoney":""},{"type":7,"typenum":"","typemoney":""}]},{"name":"3D","code":"2025326","detailsLink":"/c/2025/12/06/638341.shtml","videoLink":"/c/2025/12/06/638342.shtml","date":"2025-12-06(六)","week":"六","red":"1,8,5","blue":"","blue2":"","sales":"104302856","poolmoney":"","content":"","addmoney":"","addmoney2":"","msg":"","z2add":"","m2add":"","prizegrades":[{"type":1,"typenum":"","typemoney":""},{"type":2,"typenum":"","typemoney":""},{"type":3,"typenum":"","typemoney":""},{"type":4,"typenum":"","typemoney":""},{"type":5,"typenum":"","typemoney":""},{"type":6,"typenum":"","typemoney":""},{"type":7,"typenum":"","typemoney":""}]},{"name":"3D","code":"2025325","detailsLink":"/c/2025/12/05/638335.shtml","videoLink":"","date":"2025-12-05(五)","week":"五","red":"1,6,5","blue":"","blue2":"","sales":"106648552","poolmoney":"","content":"","addmoney":"","addmoney2":"","msg":"","z2add":"","m2add":"","prizegrades":[{"type":1,"typenum":"","typemoney":""},{"type":2,"typenum":"","typemoney":""},{"type":3,"typenum":"","typemoney":""},{"type":4,"typenum":"","typemoney":""},{"type":5,"typenum":"","typemoney":""},{"type":6,"typenum":"","typemoney":""},{"type":7,"typenum":"","typemoney":""}]},{"name":"3D","code":"2025324","detailsLink":"/c/2025/12/04/638228.shtml","videoLink":"","date":"2025-12-04(四)","week":"四","red":"6,6,1","blue":"","blue2":"","sales":"106347020","poolmoney":"","content":"","addmoney":"","addmoney2":"","msg":"","z2add":"","m2add":"","prizegrades":[{"type":1,"typenum":"","typemoney":""},{"type":2,"typenum":"","typemoney":""},{"type":3,"typenum":"","typemoney":""},{"type":4,"typenum":"","typemoney":""},{"type":5,"typenum":"","typemoney":""},{"type":6,"typenum":"","typemoney":""},{"type":7,"typenum":"","typemoney":""}]},{"name":"3D","code":"2025323","detailsLink":"/c/2025/12/03/638121.shtml","videoLink":"","date":"2025-12-03(三)","week":"三","red":"5,5,1","blue":"","blue2":"","sales":"106504212","poolmoney":"","content":"","addmoney":"","addmoney2":"","msg":"","z2add":"","m2add":"","prizegrades":[{"type":1,"typenum":"","typemoney":""},{"type":2,"typenum":"","typemoney":""},{"type":3,"typenum":"","typemoney":""},{"type":4,"typenum":"","typemoney":""},{"type":5,"typenum":"","typemoney":""},{"type":6,"typenum":"","typemoney":""},{"type":7,"typenum":"","typemoney":""}]},{"name":"3D","code":"2025322","detailsLink":"/c/2025/12/02/637914.shtml","videoLink":"","date":"2025-12-02(二)","week":"二","red":"2,2,6","blue":"","blue2":"","sales":"109547622","poolmoney":"","content":"","addmoney":"","addmoney2":"","msg":"","z2add":"","m2add":"","prizegrades":[{"type":1,"typenum":"","typemoney":""},{"type":2,"typenum":"","typemoney":""},{"type":3,"typenum":"","typemoney":""},{"type":4,"typenum":"","typemoney":""},{"type":5,"typenum":"","typemoney":""},{"type":6,"typenum":"","typemoney":""},{"type":7,"typenum":"","typemoney":""}]},{"name":"3D","code":"2025321","detailsLink":"/c/2025/12/01/637807.shtml","videoLink":"","date":"2025-12-01(一)","week":"一","red":"8,4,7","blue":"","blue2":"","sales":"104606674","poolmoney":"","content":"","addmoney":"","addmoney2":"","msg":"","z2add":"","m2add":"","prizegrades":[{"type":1,"typenum":"","typemoney":""},{"type":2,"typenum":"","typemoney":""},{"type":3,"typenum":"","typemoney":""},{"type":4,"typenum":"","typemoney":""},{"type":5,"typenum":"","typemoney":""},{"type":6,"typenum":"","typemoney":""},{"type":7,"typenum":"","typemoney":""}]},{"name":"3D","code":"2025320","detailsLink":"/c/2025/11/30/637700.shtml","videoLink":"","date":"2025-11-30(日)","week":"日","red":"1,2,1","blue":"","blue2":"","sales":"106723810","poolmoney":"","content":"","addmoney":"","addmoney2":"","msg":"","z2add":"","m2add":"","prizegrades":[{"type":1,"typenum":"","typemoney":""},{"type":2,"typenum":"","typemoney":""},{"type":3,"typenum":"","typemoney":""},{"type":4,"typenum":"","typemoney":""},{"type":5,"typenum":"","typemoney":""},{"type":6,"typenum":"","typemoney":""},{"type":7,"typenum":"","typemoney":""}]},{"name":"3D","code":"2025319","detailsLink":"/c/2025/11/29/637694.shtml","videoLink":"/c/2025/11/29/637695.shtml","date":"2025-11-29(六)","week":"六","red":"2,9,4","blue":"","blue2":"","sales":"105586958","poolmoney":"","content":"","addmoney":"","addmoney2":"","msg":"","z2add":"","m2add":"","prizegrades":[{"type":1,"typenum":"","typemoney":""},{"type":2,"typenum":"","typemoney":""},{"type":3,"typenum":"","typemoney":""},{"type":4,"typenum":"","typemoney":""},{"type":5,"typenum":"","typemoney":""},{"type":6,"typenum":"","typemoney":""},{"type":7,"typenum":"","typemoney":""}]},{"name":"3D","code":"2025318","detailsLink":"/c/2025/11/28/637688.shtml","videoLink":"","date":"2025-11-28(五)","week":"五","red":"4,3,0","blue":"","blue2":"","sales":"108266126","poolmoney":"","content":"","addmoney":"","addmoney2":"","msg":"","z2add":"","m2add":"","prizegrades":[{"type":1,"typenum":"","typemoney":""},{"type":2,"typenum":"","typemoney":""},{"type":3,"typenum":"","typemoney":""},{"type":4,"typenum":"","typemoney":""},{"type":5,"typenum":"","typemoney":""},{"type":6,"typenum":"","typemoney":""},{"type":7,"typenum":"","typemoney":""}]},{"name":"3D","code":"2025317","detailsLink":"/c/2025/11/27/637581.shtml","videoLink":"","date":"2025-11-27(四)","week":"四","red":"3,0,1","blue":"","blue2":"","sales":"106663624","poolmoney":"","content":"","addmoney":"","addmoney2":"","msg":"","z2add":"","m2add":"","prizegrades":[{"type":1,"typenum":"","typemoney":""},{"type":2,"typenum":"","typemoney":""},{"type":3,"typenum":"","typemoney":""},{"type":4,"typenum":"","typemoney":""},{"type":5,"typenum":"","typemoney":""},{"type":6,"typenum":"","typemoney":""},{"type":7,"typenum":"","typemoney":""}]},{"name":"3D","code":"2025316","detailsLink":"/c/2025/11/26/637474.shtml","videoLink":"","date":"2025-11-26(三)","week":"三","red":"7,7,5","blue":"","blue2":"","sales":"107080164","poolmoney":"","content":"","addmoney":"","addmoney2":"","msg":"","z2add":"","m2add":"","prizegrades":[{"type":1,"typenum":"","typemoney":""},{"type":2,"typenum":"","typemoney":""},{"type":3,"typenum":"","typemoney":""},{"type":4,"typenum":"","typemoney":""},{"type":5,"typenum":"","typemoney":""},{"type":6,"typenum":"","typemoney":""},{"type":7,"typenum":"","typemoney":""}]},{"name":"3D","code":"2025315","detailsLink":"/c/2025/11/25/637267.shtml","videoLink":"","date":"2025-11-25(二)","week":"二","red":"7,2,9","blue":"","blue2":"","sales":"108949450","poolmoney":"","content":"","addmoney":"","addmoney2":"","msg":"","z2add":"","m2add":"","prizegrades":[{"type":1,"typenum":"","typemoney":""},{"type":2,"typenum":"","typemoney":""},{"type":3,"typenum":"","typemoney":""},{"type":4,"typenum":"","typemoney":""},{"type":5,"typenum":"","typemoney":""},{"type":6,"typenum":"","typemoney":""},{"type":7,"typenum":"","typemoney":""}]},{"name":"3D","code":"2025314","detailsLink":"/c/2025/11/24/637160.shtml","videoLink":"","date":"2025-11-24(一)","week":"一","red":"9,1,7","blue":"","blue2":"","sales":"105377676","poolmoney":"","content":"","addmoney":"","addmoney2":"","msg":"","z2add":"","m2add":"","prizegrades":[{"type":1,"typenum":"","typemoney":""},{"type":2,"typenum":"","typemoney":""},{"type":3,"typenum":"","typemoney":""},{"type":4,"typenum":"","typemoney":""},{"type":5,"typenum":"","typemoney":""},{"type":6,"typenum":"","typemoney":""},{"type":7,"typenum":"","typemoney":""}]},{"name":"3D","code":"2025313","detailsLink":"/c/2025/11/23/636953.shtml","videoLink":"","date":"2025-11-23(日)","week":"日","red":"6,6,4","blue":"","blue2":"","sales":"106027928","poolmoney":"","content":"","addmoney":"","addmoney2":"","msg":"","z2add":"","m2add":"","prizegrades":[{"type":1,"typenum":"","typemoney":""},{"type":2,"typenum":"","typemoney":""},{"type":3,"typenum":"","typemoney":""},{"type":4,"typenum":"","typemoney":""},{"type":5,"typenum":"","typemoney":""},{"type":6,"typenum":"","typemoney":""},{"type":7,"typenum":"","typemoney":""}]},{"name":"3D","code":"2025312","detailsLink":"/c/2025/11/22/636947.shtml","videoLink":"/c/2025/11/22/636948.shtml","date":"2025-11-22(六)","week":"六","red":"6,8,9","blue":"","blue2":"","sales":"108561666","poolmoney":"","content":"","addmoney":"","addmoney2":"","msg":"","z2add":"","m2add":"","prizegrades":[{"type":1,"typenum":"","typemoney":""},{"type":2,"typenum":"","typemoney":""},{"type":3,"typenum":"","typemoney":""},{"type":4,"typenum":"","typemoney":""},{"type":5,"typenum":"","typemoney":""},{"type":6,"typenum":"","typemoney":""},{"type":7,"typenum":"","typemoney":""}]},{"name":"3D","code":"2025311","detailsLink":"/c/2025/11/21/636941.shtml","videoLink":"","date":"2025-11-21(五)","week":"五","red":"6,4,0","blue":"","blue2":"","sales":"111731272","poolmoney":"","content":"","addmoney":"","addmoney2":"","msg":"","z2add":"","m2add":"","prizegrades":[{"type":1,"typenum":"","typemoney":""},{"type":2,"typenum":"","typemoney":""},{"type":3,"typenum":"","typemoney":""},{"type":4,"typenum":"","typemoney":""},{"type":5,"typenum":"","typemoney":""},{"type":6,"typenum":"","typemoney":""},{"type":7,"typenum":"","typemoney":""}]},{"name":"3D","code":"2025310","detailsLink":"/c/2025/11/20/636734.shtml","videoLink":"","date":"2025-11-20(四)","week":"四","red":"1,6,9","blue":"","blue2":"","sales":"109527282","poolmoney":"","content":"","addmoney":"","addmoney2":"","msg":"","z2add":"","m2add":"","prizegrades":[{"type":1,"typenum":"","typemoney":""},{"type":2,"typenum":"","typemoney":""},{"type":3,"typenum":"","typemoney":""},{"type":4,"typenum":"","typemoney":""},{"type":5,"typenum":"","typemoney":""},{"type":6,"typenum":"","typemoney":""},{"type":7,"typenum":"","typemoney":""}]},{"name":"3D","code":"2025309","detailsLink":"/c/2025/11/19/636527.shtml","videoLink":"","date":"2025-11-19(三)","week":"三","red":"1,9,0","blue":"","blue2":"","sales":"108396100","poolmoney":"","content":"","addmoney":"","addmoney2":"","msg":"","z2add":"","m2add":"","prizegrades":[{"type":1,"typenum":"","typemoney":""},{"type":2,"typenum":"","typemoney":""},{"type":3,"typenum":"","typemoney":""},{"type":4,"typenum":"","typemoney":""},{"type":5,"typenum":"","typemoney":""},{"type":6,"typenum":"","typemoney":""},{"type":7,"typenum":"","typemoney":""}]},{"name":"3D","code":"2025308","detailsLink":"/c/2025/11/18/636220.shtml","videoLink":"","date":"2025-11-18(二)","week":"二","red":"4,4,8","blue":"","blue2":"","sales":"108190084","poolmoney":"","content":"","addmoney":"","addmoney2":"","msg":"","z2add":"","m2add":"","prizegrades":[{"type":1,"typenum":"","typemoney":""},{"type":2,"typenum":"","typemoney":""},{"type":3,"typenum":"","typemoney":""},{"type":4,"typenum":"","typemoney":""},{"type":5,"typenum":"","typemoney":""},{"type":6,"typenum":"","typemoney":""},{"type":7,"typenum":"","typemoney":""}]},{"name":"3D","code":"2025307","detailsLink":"/c/2025/11/17/636013.shtml","videoLink":"","date":"2025-11-17(一)","week":"一","red":"1,6,4","blue":"","blue2":"","sales":"104802174","poolmoney":"","content":"","addmoney":"","addmoney2":"","msg":"","z2add":"","m2add":"","prizegrades":[{"type":1,"typenum":"","typemoney":""},{"type":2,"typenum":"","typemoney":""},{"type":3,"typenum":"","typemoney":""},{"type":4,"typenum":"","typemoney":""},{"type":5,"typenum":"","typemoney":""},{"type":6,"typenum":"","typemoney":""},{"type":7,"typenum":"","typemoney":""}]},{"name":"3D","code":"2025306","detailsLink":"/c/2025/11/16/635606.shtml","videoLink":"","date":"2025-11-16(日)","week":"日","red":"6,9,7","blue":"","blue2":"","sales":"105880062","poolmoney":"","content":"","addmoney":"","addmoney2":"","msg":"","z2add":"","m2add":"","prizegrades":[{"type":1,"typenum":"","typemoney":""},{"type":2,"typenum":"","typemoney":""},{"type":3,"typenum":"","typemoney":""},{"type":4,"typenum":"","typemoney":""},{"type":5,"typenum":"","typemoney":""},{"type":6,"typenum":"","typemoney":""},{"type":7,"typenum":"","typemoney":""}]},{"name":"3D","code":"2025305","detailsLink":"/c/2025/11/15/635600.shtml","videoLink":"/c/2025/11/15/635601.shtml","date":"2025-11-15(六)","week":"六","red":"3,1,0","blue":"","blue2":"","sales":"109836530","poolmoney":"","content":"","addmoney":"","addmoney2":"","msg":"","z2add":"","m2add":"","prizegrades":[{"type":1,"typenum":"","typemoney":""},{"type":2,"typenum":"","typemoney":""},{"type":3,"typenum":"","typemoney":""},{"type":4,"typenum":"","typemoney":""},{"type":5,"typenum":"","typemoney":""},{"type":6,"typenum":"","typemoney":""},{"type":7,"typenum":"","typemoney":""}]},{"name":"3D","code":"2025304","detailsLink":"/c/2025/11/14/635594.shtml","videoLink":"","date":"2025-11-14(五)","week":"五","red":"4,7,1","blue":"","blue2":"","sales":"110928304","poolmoney":"","content":"","addmoney":"","addmoney2":"","msg":"","z2add":"","m2add":"","prizegrades":[{"type":1,"typenum":"","typemoney":""},{"type":2,"typenum":"","typemoney":""},{"type":3,"typenum":"","typemoney":""},{"type":4,"typenum":"","typemoney":""},{"type":5,"typenum":"","typemoney":""},{"type":6,"typenum":"","typemoney":""},{"type":7,"typenum":"","typemoney":""}]},{"name":"3D","code":"2025303","detailsLink":"/c/2025/11/13/635387.shtml","videoLink":"","date":"2025-11-13(四)","week":"四","red":"9,3,3","blue":"","blue2":"","sales":"109978398","poolmoney":"","content":"","addmoney":"","addmoney2":"","msg":"","z2add":"","m2add":"","prizegrades":[{"type":1,"typenum":"","typemoney":""},{"type":2,"typenum":"","typemoney":""},{"type":3,"typenum":"","typemoney":""},{"type":4,"typenum":"","typemoney":""},{"type":5,"typenum":"","typemoney":""},{"type":6,"typenum":"","typemoney":""},{"type":7,"typenum":"","typemoney":""}]},{"name":"3D","code":"2025302","detailsLink":"/c/2025/11/12/635280.shtml","videoLink":"","date":"2025-11-12(三)","week":"三","red":"7,1,5","blue":"","blue2":"","sales":"109327156","poolmoney":"","content":"","addmoney":"","addmoney2":"","msg":"","z2add":"","m2add":"","prizegrades":[{"type":1,"typenum":"","typemoney":""},{"type":2,"typenum":"","typemoney":""},{"type":3,"typenum":"","typemoney":""},{"type":4,"typenum":"","typemoney":""},{"type":5,"typenum":"","typemoney":""},{"type":6,"typenum":"","typemoney":""},{"type":7,"typenum":"","typemoney":""}]},{"name":"3D","code":"2025301","detailsLink":"/c/2025/11/11/634873.shtml","videoLink":"","date":"2025-11-11(二)","week":"二","red":"7,5,5","blue":"","blue2":"","sales":"110910820","poolmoney":"","content":"","addmoney":"","addmoney2":"","msg":"","z2add":"","m2add":"","prizegrades":[{"type":1,"typenum":"","typemoney":""},{"type":2,"typenum":"","typemoney":""},{"type":3,"typenum":"","typemoney":""},{"type":4,"typenum":"","typemoney":""},{"type":5,"typenum":"","typemoney":""},{"type":6,"typenum":"","typemoney":""},{"type":7,"typenum":"","typemoney":""}]},{"name":"3D","code":"2025300","detailsLink":"/c/2025/11/10/634666.shtml","videoLink":"","date":"2025-11-10(一)","week":"一","red":"8,6,7","blue":"","blue2":"","sales":"110116342","poolmoney":"","content":"","addmoney":"","addmoney2":"","msg":"","z2add":"","m2add":"","prizegrades":[{"type":1,"typenum":"","typemoney":""},{"type":2,"typenum":"","typemoney":""},{"type":3,"typenum":"","typemoney":""},{"type":4,"typenum":"","typemoney":""},{"type":5,"typenum":"","typemoney":""},{"type":6,"typenum":"","typemoney":""},{"type":7,"typenum":"","typemoney":""}]},{"name":"3D","code":"2025299","detailsLink":"/c/2025/11/09/634559.shtml","videoLink":"","date":"2025-11-09(日)","week":"日","red":"3,8,5","blue":"","blue2":"","sales":"106755310","poolmoney":"","content":"","addmoney":"","addmoney2":"","msg":"","z2add":"","m2add":"","prizegrades":[{"type":1,"typenum":"","typemoney":""},{"type":2,"typenum":"","typemoney":""},{"type":3,"typenum":"","typemoney":""},{"type":4,"typenum":"","typemoney":""},{"type":5,"typenum":"","typemoney":""},{"type":6,"typenum":"","typemoney":""},{"type":7,"typenum":"","typemoney":""}]},{"name":"3D","code":"2025298","detailsLink":"/c/2025/11/08/634553.shtml","videoLink":"/c/2025/11/08/634554.shtml","date":"2025-11-08(六)","week":"六","red":"5,4,4","blue":"","blue2":"","sales":"109897554","poolmoney":"","content":"","addmoney":"","addmoney2":"","msg":"","z2add":"","m2add":"","prizegrades":[{"type":1,"typenum":"","typemoney":""},{"type":2,"typenum":"","typemoney":""},{"type":3,"typenum":"","typemoney":""},{"type":4,"typenum":"","typemoney":""},{"type":5,"typenum":"","typemoney":""},{"type":6,"typenum":"","typemoney":""},{"type":7,"typenum":"","typemoney":""}]},{"name":"3D","code":"2025297","detailsLink":"/c/2025/11/07/634547.shtml","videoLink":"","date":"2025-11-07(五)","week":"五","red":"0,5,1","blue":"","blue2":"","sales":"114560606","poolmoney":"","content":"","addmoney":"","addmoney2":"","msg":"","z2add":"","m2add":"","prizegrades":[{"type":1,"typenum":"","typemoney":""},{"type":2,"typenum":"","typemoney":""},{"type":3,"typenum":"","typemoney":""},{"type":4,"typenum":"","typemoney":""},{"type":5,"typenum":"","typemoney":""},{"type":6,"typenum":"","typemoney":""},{"type":7,"typenum":"","typemoney":""}]},{"name":"3D","code":"2025296","detailsLink":"/c/2025/11/06/634440.shtml","videoLink":"","date":"2025-11-06(四)","week":"四","red":"5,3,7","blue":"","blue2":"","sales":"110371162","poolmoney":"","content":"","addmoney":"","addmoney2":"","msg":"","z2add":"","m2add":"","prizegrades":[{"type":1,"typenum":"","typemoney":""},{"type":2,"typenum":"","typemoney":""},{"type":3,"typenum":"","typemoney":""},{"type":4,"typenum":"","typemoney":""},{"type":5,"typenum":"","typemoney":""},{"type":6,"typenum":"","typemoney":""},{"type":7,"typenum":"","typemoney":""}]},{"name":"3D","code":"2025295","detailsLink":"/c/2025/11/05/634233.shtml","videoLink":"","date":"2025-11-05(三)","week":"三","red":"2,7,3","blue":"","blue2":"","sales":"108557984","poolmoney":"","content":"","addmoney":"","addmoney2":"","msg":"","z2add":"","m2add":"","prizegrades":[{"type":1,"typenum":"","typemoney":""},{"type":2,"typenum":"","typemoney":""},{"type":3,"typenum":"","typemoney":""},{"type":4,"typenum":"","typemoney":""},{"type":5,"typenum":"","typemoney":""},{"type":6,"typenum":"","typemoney":""},{"type":7,"typenum":"","typemoney":""}]},{"name":"3D","code":"2025294","detailsLink":"/c/2025/11/04/634126.shtml","videoLink":"","date":"2025-11-04(二)","week":"二","red":"5,1,3","blue":"","blue2":"","sales":"108380192","poolmoney":"","content":"","addmoney":"","addmoney2":"","msg":"","z2add":"","m2add":"","prizegrades":[{"type":1,"typenum":"","typemoney":""},{"type":2,"typenum":"","typemoney":""},{"type":3,"typenum":"","typemoney":""},{"type":4,"typenum":"","typemoney":""},{"type":5,"typenum":"","typemoney":""},{"type":6,"typenum":"","typemoney":""},{"type":7,"typenum":"","typemoney":""}]},{"name":"3D","code":"2025293","detailsLink":"/c/2025/11/03/634019.shtml","videoLink":"","date":"2025-11-03(一)","week":"一","red":"1,5,4","blue":"","blue2":"","sales":"106988620","poolmoney":"","content":"","addmoney":"","addmoney2":"","msg":"","z2add":"","m2add":"","prizegrades":[{"type":1,"typenum":"","typemoney":""},{"type":2,"typenum":"","typemoney":""},{"type":3,"typenum":"","typemoney":""},{"type":4,"typenum":"","typemoney":""},{"type":5,"typenum":"","typemoney":""},{"type":6,"typenum":"","typemoney":""},{"type":7,"typenum":"","typemoney":""}]},{"name":"3D","code":"2025292","detailsLink":"/c/2025/11/02/633912.shtml","videoLink":"","date":"2025-11-02(日)","week":"日","red":"1,1,7","blue":"","blue2":"","sales":"107204116","poolmoney":"","content":"","addmoney":"","addmoney2":"","msg":"","z2add":"","m2add":"","prizegrades":[{"type":1,"typenum":"","typemoney":""},{"type":2,"typenum":"","typemoney":""},{"type":3,"typenum":"","typemoney":""},{"type":4,"typenum":"","typemoney":""},{"type":5,"typenum":"","typemoney":""},{"type":6,"typenum":"","typemoney":""},{"type":7,"typenum":"","typemoney":""}]},{"name":"3D","code":"2025291","detailsLink":"/c/2025/11/01/633906.shtml","videoLink":"/c/2025/11/01/633908.shtml","date":"2025-11-01(六)","week":"六","red":"7,9,4","blue":"","blue2":"","sales":"104529880","poolmoney":"","content":"","addmoney":"","addmoney2":"","msg":"","z2add":"","m2add":"","prizegrades":[{"type":1,"typenum":"","typemoney":""},{"type":2,"typenum":"","typemoney":""},{"type":3,"typenum":"","typemoney":""},{"type":4,"typenum":"","typemoney":""},{"type":5,"typenum":"","typemoney":""},{"type":6,"typenum":"","typemoney":""},{"type":7,"typenum":"","typemoney":""}]},{"name":"3D","code":"2025290","detailsLink":"/c/2025/10/31/633800.shtml","videoLink":"","date":"2025-10-31(五)","week":"五","red":"3,3,2","blue":"","blue2":"","sales":"114065918","poolmoney":"","content":"","addmoney":"","addmoney2":"","msg":"","z2add":"","m2add":"","prizegrades":[{"type":1,"typenum":"","typemoney":""},{"type":2,"typenum":"","typemoney":""},{"type":3,"typenum":"","typemoney":""},{"type":4,"typenum":"","typemoney":""},{"type":5,"typenum":"","typemoney":""},{"type":6,"typenum":"","typemoney":""},{"type":7,"typenum":"","typemoney":""}]},{"name":"3D","code":"2025289","detailsLink":"/c/2025/10/30/633693.shtml","videoLink":"","date":"2025-10-30(四)","week":"四","red":"4,7,3","blue":"","blue2":"","sales":"108720076","poolmoney":"","content":"","addmoney":"","addmoney2":"","msg":"","z2add":"","m2add":"","prizegrades":[{"type":1,"typenum":"","typemoney":""},{"type":2,"typenum":"","typemoney":""},{"type":3,"typenum":"","typemoney":""},{"type":4,"typenum":"","typemoney":""},{"type":5,"typenum":"","typemoney":""},{"type":6,"typenum":"","typemoney":""},{"type":7,"typenum":"","typemoney":""}]},{"name":"3D","code":"2025288","detailsLink":"/c/2025/10/29/633586.shtml","videoLink":"","date":"2025-10-29(三)","week":"三","red":"7,6,7","blue":"","blue2":"","sales":"112196866","poolmoney":"","content":"","addmoney":"","addmoney2":"","msg":"","z2add":"","m2add":"","prizegrades":[{"type":1,"typenum":"","typemoney":""},{"type":2,"typenum":"","typemoney":""},{"type":3,"typenum":"","typemoney":""},{"type":4,"typenum":"","typemoney":""},{"type":5,"typenum":"","typemoney":""},{"type":6,"typenum":"","typemoney":""},{"type":7,"typenum":"","typemoney":""}]},{"name":"3D","code":"2025287","detailsLink":"/c/2025/10/28/633379.shtml","videoLink":"","date":"2025-10-28(二)","week":"二","red":"8,0,5","blue":"","blue2":"","sales":"110919156","poolmoney":"","content":"","addmoney":"","addmoney2":"","msg":"","z2add":"","m2add":"","prizegrades":[{"type":1,"typenum":"","typemoney":""},{"type":2,"typenum":"","typemoney":""},{"type":3,"typenum":"","typemoney":""},{"type":4,"typenum":"","typemoney":""},{"type":5,"typenum":"","typemoney":""},{"type":6,"typenum":"","typemoney":""},{"type":7,"typenum":"","typemoney":""}]},{"name":"3D","code":"2025286","detailsLink":"/c/2025/10/27/633272.shtml","videoLink":"","date":"2025-10-27(一)","week":"一","red":"8,2,7","blue":"","blue2":"","sales":"107737716","poolmoney":"","content":"","addmoney":"","addmoney2":"","msg":"","z2add":"","m2add":"","prizegrades":[{"type":1,"typenum":"","typemoney":""},{"type":2,"typenum":"","typemoney":""},{"type":3,"typenum":"","typemoney":""},{"type":4,"typenum":"","typemoney":""},{"type":5,"typenum":"","typemoney":""},{"type":6,"typenum":"","typemoney":""},{"type":7,"typenum":"","typemoney":""}]},{"name":"3D","code":"2025285","detailsLink":"/c/2025/10/26/632965.shtml","videoLink":"","date":"2025-10-26(日)","week":"日","red":"1,7,2","blue":"","blue2":"","sales":"104270086","poolmoney":"","content":"","addmoney":"","addmoney2":"","msg":"","z2add":"","m2add":"","prizegrades":[{"type":1,"typenum":"","typemoney":""},{"type":2,"typenum":"","typemoney":""},{"type":3,"typenum":"","typemoney":""},{"type":4,"typenum":"","typemoney":""},{"type":5,"typenum":"","typemoney":""},{"type":6,"typenum":"","typemoney":""},{"type":7,"typenum":"","typemoney":""}]},{"name":"3D","code":"2025284","detailsLink":"/c/2025/10/25/632959.shtml","videoLink":"/c/2025/10/25/632960.shtml","date":"2025-10-25(六)","week":"六","red":"8,4,4","blue":"","blue2":"","sales":"104764508","poolmoney":"","content":"","addmoney":"","addmoney2":"","msg":"","z2add":"","m2add":"","prizegrades":[{"type":1,"typenum":"","typemoney":""},{"type":2,"typenum":"","typemoney":""},{"type":3,"typenum":"","typemoney":""},{"type":4,"typenum":"","typemoney":""},{"type":5,"typenum":"","typemoney":""},{"type":6,"typenum":"","typemoney":""},{"type":7,"typenum":"","typemoney":""}]},{"name":"3D","code":"2025283","detailsLink":"/c/2025/10/24/632853.shtml","videoLink":"","date":"2025-10-24(五)","week":"五","red":"6,6,4","blue":"","blue2":"","sales":"113793824","poolmoney":"","content":"","addmoney":"","addmoney2":"","msg":"","z2add":"","m2add":"","prizegrades":[{"type":1,"typenum":"","typemoney":""},{"type":2,"typenum":"","typemoney":""},{"type":3,"typenum":"","typemoney":""},{"type":4,"typenum":"","typemoney":""},{"type":5,"typenum":"","typemoney":""},{"type":6,"typenum":"","typemoney":""},{"type":7,"typenum":"","typemoney":""}]},{"name":"3D","code":"2025282","detailsLink":"/c/2025/10/23/632646.shtml","videoLink":"","date":"2025-10-23(四)","week":"四","red":"4,1,6","blue":"","blue2":"","sales":"108399176","poolmoney":"","content":"","addmoney":"","addmoney2":"","msg":"","z2add":"","m2add":"","prizegrades":[{"type":1,"typenum":"","typemoney":""},{"type":2,"typenum":"","typemoney":""},{"type":3,"typenum":"","typemoney":""},{"type":4,"typenum":"","typemoney":""},{"type":5,"typenum":"","typemoney":""},{"type":6,"typenum":"","typemoney":""},{"type":7,"typenum":"","typemoney":""}]},{"name":"3D","code":"2025281","detailsLink":"/c/2025/10/22/632439.shtml","videoLink":"","date":"2025-10-22(三)","week":"三","red":"8,9,7","blue":"","blue2":"","sales":"109406782","poolmoney":"","content":"","addmoney":"","addmoney2":"","msg":"","z2add":"","m2add":"","prizegrades":[{"type":1,"typenum":"","typemoney":""},{"type":2,"typenum":"","typemoney":""},{"type":3,"typenum":"","typemoney":""},{"type":4,"typenum":"","typemoney":""},{"type":5,"typenum":"","typemoney":""},{"type":6,"typenum":"","typemoney":""},{"type":7,"typenum":"","typemoney":""}]},{"name":"3D","code":"2025280","detailsLink":"/c/2025/10/21/632332.shtml","videoLink":"","date":"2025-10-21(二)","week":"二","red":"4,1,1","blue":"","blue2":"","sales":"113989386","poolmoney":"","content":"","addmoney":"","addmoney2":"","msg":"","z2add":"","m2add":"","prizegrades":[{"type":1,"typenum":"","typemoney":""},{"type":2,"typenum":"","typemoney":""},{"type":3,"typenum":"","typemoney":""},{"type":4,"typenum":"","typemoney":""},{"type":5,"typenum":"","typemoney":""},{"type":6,"typenum":"","typemoney":""},{"type":7,"typenum":"","typemoney":""}]},{"name":"3D","code":"2025279","detailsLink":"/c/2025/10/20/632225.shtml","videoLink":"","date":"2025-10-20(一)","week":"一","red":"7,5,2","blue":"","blue2":"","sales":"110211750","poolmoney":"","content":"","addmoney":"","addmoney2":"","msg":"","z2add":"","m2add":"","prizegrades":[{"type":1,"typenum":"","typemoney":""},{"type":2,"typenum":"","typemoney":""},{"type":3,"typenum":"","typemoney":""},{"type":4,"typenum":"","typemoney":""},{"type":5,"typenum":"","typemoney":""},{"type":6,"typenum":"","typemoney":""},{"type":7,"typenum":"","typemoney":""}]}]}
